@report{yellowpaper,
	author = {Dr. Gavin Wood},
	title = {Ethereum: A Secure Decentralized Generalized Transaction Ledger},
	type = {Yellow Paper},
	institution = {Ethereum},
	date = {2018-01-24},
}
@online{keybase,
	title = {Understanding Following},
	date = {2017},
	url = {https://keybase.io/docs/server_security/following},
}
@online{gpg,
	title={Building Your Web of Trust},
	date={2018},
	url={https://www.gnupg.org/gph/en/manual/x547.html},
}
@online{plasma,
	author = {Alyssa Hertig},
	title = {Ethereum + Lightning? Buterin and Poon Unveil 'Plasma' Scaling Plan},
	date = {2017-08-12},
	url = {https://www.coindesk.com/ethereum-lightning-buterin-poon-unveil-plasma-scaling-plan/}
}
@online{yadql,
  author = {Andrew Plaza Sean T. Batzel},
  title = {A Blockchain Database Query Language},
  date = {2018-01-06},
  url = {https://www.github.com/ScrantonHacks/YADQL}
}
@online{reply,
  author = {Reply},
  title = {Blockcom},
  date = {2018},
  url = {http://www.reply.com/en/content/blokcom}
}
@online{vibeo,
  author = {Vibeo Ltd.},
  title = {Vibeo},
  date = {2018},
  url = {https://vibeo.io}
}
@online{web3-py,
  author = {The Ethereum Project},
  title = {web3.py},
  date = {2018-04-07},
  url = {https://github.com/ethereum/web3.py}
}
@online{ethereum,
  author = {The Ethereum Project},
  title = {The Ethereum Organization},
  date = {2018-4-07},
  url = {https://github.com/ethereum}
}
@online{blockchain,
	author = {Ameer Rosic},
	title = {What is Blockchain Technology? A Step-by-Step Guide for Beginners},
	date = {2016},
	url = {https://blockgeeks.com/guides/what-is-blockchain-technology/}
}
