@report{yellowpaper,
	author = {Dr. Gavin Wood},
	title = {Ethereum: A Secure Decentralized Generalized Transaction Ledger},
	type = {Yellow Paper},
	institution = {Ethereum},
	date = {2018-01-24},
}
@online{keybase,
	title = {Understanding Following},
	date = {2017},
	url = {https://keybase.io/docs/server_security/following},
}
@online{gpg,
	title={Building Your Web of Trust},
	date={2018},
	url={https://www.gnupg.org/gph/en/manual/x547.html},
}
@online{plasma,
	author = {Alyssa Hertig},
	title = {Ethereum + Lightning? Buterin and Poon Unveil `Plasma' Scaling Plan},
	date = {2017-08-12},
	url = {https://www.coindesk.com/ethereum-lightning-buterin-poon-unveil-plasma-scaling-plan/}
}
@online{yadql,
  author = {Andrew I. Plaza Sean T. Batzel},
  title = {A Blockchain Database Query Language},
  date = {2018-01-06},
  url = {https://www.github.com/ScrantonHacks/YADQL}
}
@online{reply,
  author = {Reply},
  title = {Blockcom},
  date = {2018},
  url = {http://www.reply.com/en/content/blokcom}
}
@online{vibeo,
  author = {Vibeo Ltd.},
  title = {Vibeo},
  date = {2018},
  url = {https://vibeo.io}
}
@online{web3-py,
  author = {The Ethereum Project},
  title = {web3.py},
  date = {2018-04-07},
  url = {https://github.com/ethereum/web3.py}
}
@online{ethereum,
  author = {The Ethereum Project},
  title = {The Ethereum Organization},
  date = {2018-04-07},
  url = {https://github.com/ethereum}
}
@online{blockchain,
	author = {Ameer Rosic},
	title = {What is Blockchain Technology? A Step-by-Step Guide for Beginners},
	date = {2016},
	url = {https://blockgeeks.com/guides/what-is-blockchain-technology/}
}
@online{simple-storage,
	author = {valanterlab},
	title = {Simple Storage Ethereum Contract with Truffle},
	date = {2016-11-29},
	url = {https://github.com/valanterlab/simple-storage}
}
@online{singer,
  author = {Natasha Singer},
  title = {What You Don't Know About How Facebook Uses Your Data},
  date = {2018-04-11},
  url = {https://www.nytimes.com/2018/04/11/technology/facebook-privacy-hearings.html}
}
@online{nakamoto,
  author = {Satoshi Nakamoto},
  title = {Bitcoin: A Peer-to-Peer Electronic Cash System},
  date = {2008-10-31},
  url = {https://bitcoin.org/bitcoin.pdf}
}
@online{timesharing,
	author = {William Y. Arms},
	title = {Early Timesharing},
	date = {May 2014},
	url = {http://www.cs.cornell.edu/wya/AcademicComputing/text/earlytimesharing.html}
}
