@report{yellowpaper,
	author = {Dr. Gavin Wood},
	title = {Ethereum: A Secure Decentralized Generalized Transaction Ledger},
	type = {Yellow Paper},
	institution = {Ethereum},
	date = {2018-01-24},
}
@online{keybase,
	title = {Understanding Following},
	date = {2017},
	url = {https://keybase.io/docs/server_security/following},
}
@online{gpg,
	title={Building Your Web of Trust},
	date={2018},
	url={https://www.gnupg.org/gph/en/manual/x547.html},
}
@online{plasma,
	author = {Alyssa Hertig},
	title = {Ethereum + Lightning? Buterin and Poon Unveil 'Plasma' Scaling Plan},
	date = {2017-08-12},
	url = {https://www.coindesk.com/ethereum-lightning-buterin-poon-unveil-plasma-scaling-plan/}
}
@online{yadql,
  author = {Andrew Plaza Sean T. Batzel},
  title = {A Blockchain Database Query Language},
  date = {2018-01-06},
  url = {https://www.github.com/ScrantonHacks/YADQL}
}
@online{reply,
  author = {Reply},
  title = {Blockcom},
  date = {2018},
  url = {http://www.reply.com/en/content/blokcom}
}
@online{vibeo,
  author = {Vibeo Ltd.},
  title = {Vibeo},
  date = {2018},
  url = {https://vibeo.io}
}
@online{rust,
  author = {rust-lang},
  title = {The Rust Programming Language},
  date = {2018},
  url = {https://www.rust-lang.org},
}
@online{gpgme,
  author = {John Schug},
  title = {rust-gpgme},
  date = {2018-02-06},
  url = {https://github.com/johnschug/rust-gpgme}
}
@online{ethabi,
  author = {Parity Technologies},
  title = {ethabi},
  date = {2018-03-22},
  url = {https://github.com/paritytech/ethabi}
}
@online{web3,
  author = {Tomasz Drwiega},
  title = {rust-web3},
  date = {2018-03-31},
  url = {https://github.com/tomusdrw/rust-web3}
}
